@article{gongbench,
    author    = {Amir Gholami and
        Dhairya Malhotra and
            Hari Sundar and
            George Biros},
    title     = {FFT, FMM, or MULTIGRID? {A} comparative study of state-of-the-art
        poisson solvers},
    journal   = {CoRR},
    volume    = {abs/1408.6497},
    year      = {2014},
    url       = {http://arxiv.org/abs/1408.6497},
    timestamp = {Fri, 12 Sep 2014 12:44:21 +0200},
    biburl    = {http://dblp.uni-trier.de/rec/bib/journals/corr/GholamiMSB14},
    bibsource = {dblp computer science bibliography, http://dblp.org}
}

@article{exascale,
    author    = {Rio Yokota and
        Lorena A. Barba},
    title     = {A Tuned and Scalable Fast Multipole Method as a Preeminent Algorithm
        for Exascale Systems},
    journal   = {CoRR},
    volume    = {abs/1106.2176},
    year      = {2011},
    url       = {http://arxiv.org/abs/1106.2176},
    timestamp = {Mon, 05 Dec 2011 18:05:21 +0100},
    biburl    = {http://dblp.uni-trier.de/rec/bib/journals/corr/abs-1106-2176},
    bibsource = {dblp computer science bibliography, http://dblp.org}
}
